@online{course_git,
    title = {EE463 Github page},
    url = {https://github.com/odtu/ee463}
    }

@online{three-phase_bridge,
    title = {Three-phase full bridge diode rectifier example model.},
    url = {https://www.motorobit.com/urun/sql50a-50a-1200v-aluminyum-3-fazli-kopru-diyot}
    }
